@Book{TellStoriesToLive,
author = {Joan Didion},
title = {We Tell Ourselves Stories in Order to Live},
publisher = {Knopf},
year = {2006},
edition = {first}
}

@Misc{TriActStruct,
author = {Wikipedia},
title = {Three-act structure},
month = {December},
year = {2019},
note = {\\ \url{https://en.wikipedia.org/wiki/Three-act_structure}}
}

@Misc{StoryStructure,
author = {Steph Fraser},
title = {Novel Structure: Create One That Works [+Checklist]},
howpublished = {Published on Squibler},
month = {March},
year = {2019},
note = {\\ \url{https://www.squibler.io/blog/novel-structure/}}
}

@Book{GreatExpect,
author = {Charles Dickens},
title = {Great Expectations},
publisher = {Chapman \& Hall},
year = {1861},
volume = {1},
howpublished = {Serialised 1860-1; book form 1861},
month = {July}
}

@Misc{FMsPrinciple,
author = {Pierre de Fermat},
title = {Fermat's principle},
howpublished = {Recorded on Wikipedia},
year = {1662},
note = {\\ \url{https://en.wikipedia.org/wiki/Fermat%27s_principle}}
}

@Book{GWTW,
author = {Margaret Mitchell},
title = {Gone With The Wind},
publisher = {Macmillan Publishers (United States)},
year = {1936},
edition = {first},
month = {June}
}

@Misc{NumNCarbonIsomers,
author = {Neil J. A. Sloane},
title = {Number of n-node unrooted quartic trees; number of n-carbon alkanes \chemfig{C_nH_{2n+2}} ignoring stereoisomers},
howpublished = {Published on The OEIS Foundation},
month = {Last modified February},
year = {2020},
note = {\\ \url{http://oeis.org/A000602}}
}
